@online{PLY,
     url       = "http://www.dabeaz.com/ply/ply.html",
     title = "PLY (Python Lex-Yacc)",
     author = "David M. Beazley",
 }

@online{Go,
     url       = "https://go.dev/doc/",
     title = "The Go Programming Language.",
 }

@online{JSON,
     url       = "https://www.ecma-international.org/publications-and-standards/standards/ecma-404/",
     title = "ECMA-404 - The JSON data interchange syntax.",
 }

@online{re,
     url       = "https://docs.python.org/3/library/re.html",
     title = "re -- Regular expression operations.",
 } 
